@article{espasa1997exploiting,
  title={Exploiting instruction-and data-level parallelism},
  author={Espasa, Roger and Valero, Mateo},
  journal={IEEE micro},
  volume={17},
  number={5},
  pages={20--27},
  year={1997},
  publisher={Citeseer}
},

@misc{website:llvmAutoVectorize,
    title={Auto-Vectorization in LLVM},
    url={http://llvm.org/docs/Vectorizers.html},   
},

@inproceedings{sui2016loop,
  title={Loop-oriented array-and field-sensitive pointer analysis for automatic SIMD vectorization},
  author={Sui, Yulei and Fan, Xiaokang and Zhou, Hao and Xue, Jingling},
  booktitle={Proceedings of the 17th ACM SIGPLAN/SIGBED Conference on Languages, Compilers, Tools, and Theory for Embedded Systems},
  pages={41--51},
  year={2016},
  organization={ACM}
},

@article{papadrakakis2011new,
  title={A new era in scientific computing: Domain decomposition methods in hybrid CPU--GPU architectures},
  author={Papadrakakis, Manolis and Stavroulakis, George and Karatarakis, Alexander},
  journal={Computer Methods in Applied Mechanics and Engineering},
  volume={200},
  number={13},
  pages={1490--1508},
  year={2011},
  publisher={Elsevier}
},

@article{nagarajan2011accelerating,
  title={Accelerating machine-learning algorithms on FPGAs using pattern-based decomposition},
  author={Nagarajan, Karthik and Holland, Brian and George, Alan D and Slatton, K Clint and Lam, Herman},
  journal={Journal of Signal Processing Systems},
  volume={62},
  number={1},
  pages={43--63},
  year={2011},
  publisher={Springer}
},

@inproceedings{sengupta2007scan,
  title={Scan primitives for GPU computing},
  author={Sengupta, Shubhabrata and Harris, Mark and Zhang, Yao and Owens, John D},
  booktitle={Graphics hardware},
  volume={2007},
  pages={97--106},
  year={2007}
},

@article{bessey2010few,
  title={A few billion lines of code later: using static analysis to find bugs in the real world},
  author={Bessey, Al and Block, Ken and Chelf, Ben and Chou, Andy and Fulton, Bryan and Hallem, Seth and Henri-Gros, Charles and Kamsky, Asya and McPeak, Scott and Engler, Dawson},
  journal={Communications of the ACM},
  volume={53},
  number={2},
  pages={66--75},
  year={2010},
  publisher={ACM}
}

@inproceedings{ball2001automatically,
  title={Automatically validating temporal safety properties of interfaces},
  author={Ball, Thomas and Rajamani, Sriram K},
  booktitle={Proceedings of the 8th international SPIN workshop on Model checking of software},
  pages={103--122},
  year={2001},
  organization={Springer-Verlag New York, Inc.}
},

@article{bush2000static,
  title={A static analyzer for finding dynamic programming errors},
  author={Bush, William R and Pincus, Jonathan D and Sielaff, David J},
  journal={Software-Practice and Experience},
  volume={30},
  number={7},
  pages={775--802},
  year={2000}
},

@misc{nvidiapresentation,
  title={High-Productivity CUDA Programming},
  author={Woolley, Cliff},
  url="http://on-demand.gputechconf.com/gtc/2013/presentations/S3008-High-Productivity-CUDA-Programming.pdf",
  year={2013}
},

@misc{oclint,
  title={OCLint},
  url="http://oclint.org/",
  year={2016},
  note={License: Modified BSD}
},
    
@misc{eigen,
  title={Eigen},
  url="http://eigen.tuxfamily.org",
  year={2016},
  note={License: MPL2}
},

@misc{thrust,
  title={Thrust},
  url="http://thrust.github.io",
  year={2016},
  note={License: Apache 2.0}
},

@misc{cublas,
  title={CuBLAS},
  url="https://developer.nvidia.com/cublas",
  year={2016},
  note={License: http://docs.nvidia.com/cuda/eula/}
},

@misc{cuda,
  title={CUDA},
  url="http://www.nvidia.com/object/cuda_home_new.html",
  year={2016},
  note={License: http://docs.nvidia/com/cuda/eula}
},

@misc{JSON,
  title={JSON for Modern C++},
  url="https://nlohmann.github.io/json/",
  year={2016},
  note={License: MIT}
},

@misc{hayai,
  title={hayai},
  url="https://github.com/nickbruun/hayai",
  year={2016},
  note={License: https://github.com/nickbruun/hayai/blob/master/LICENSE.md}}
}
    
@book{wikiRef1,
  Author = {George S. Almasi},
  Title = {Highly Parallel Processing (The Benjamin/Cummings series in computer science and engineering)},
  Publisher = {Benjamin-Cummings Publishing Co.,Subs. of Addison Wesley Longman,US},
  Year = {1987},
  ISBN = {0805301771},
  URL = {http://www.amazon.com/Parallel-Processing-Benjamin-Cummings-engineering/dp/0805301771%3FSubscriptionId%3D0JYN1NVW651KCA56C102%26tag%3Dtechkie-20%26linkCode%3Dxm2%26camp%3D2025%26creative%3D165953%26creativeASIN%3D0805301771}
},


@misc{clangFeatures,
  Title = {Clang Features and Goals},
  url ="http://clang.llvm.org/features.html",
  Year = {2016}
},

@misc{ScanOp,
  Author = {Harris, Mark},
  Title = {Parallel Prefix Sum (Scan) with CUDA},
  Year = {2007},
  URL = {http://www.eecs.umich.edu/courses/eecs570/hw/parprefix.pdf}
},

@article{inzunzaperformance,
  title={Performance of Parallel Processing on Processing Units},
  author={Inzunza-Monreal, Oscar}
},

